% ------------------------------------------------------------------------
% ADDED BY ME
% ------------------------------------------------------------------------
@article{panto2013challenge,
  title={The challenge of open education},
  author={Pant{\`o}, Eleonora and Comas-Quinn, Anna},
  journal={Journal of E-learning and Knowledge Society},
  volume={9},
  number={1},
  pages={11--22},
  year={2013},
  publisher={Italian e-Learning Association}
}

@book{brown1999assessment,
  title={Assessment matters in higher education},
  author={Brown Jr, Jr},
  year={1999},
  publisher={McGraw-Hill Education (UK)}
}

@article{condie2007impact,
  title={The impact of ICT in schools: Landscape review},
  author={Condie, Rae and Munro, Bob},
  year={2007},
  publisher={British Educational Communications and Technology Agency (Becta)}
}

@article{walport2016distributed,
  title={Distributed ledger technology: beyond block chain},
  author={Walport, MGCSA},
  journal={UK Government Office for Science},
  year={2016}
}

@book{swan2015blockchain,
  title={Blockchain: Blueprint for a new economy},
  author={Swan, Melanie},
  year={2015},
  publisher={" O'Reilly Media, Inc."}
}

@online{gulhane2017ibm,
  author = {Gulhane, Ishan},
  title = {Create and execute blockchain smart contracts - IBM Code},
  year = {2017},
  url = {https://developer.ibm.com/code/patterns/create-and-execute-blockchain-smart-contracts/},
  urldate = {2018-01-03}
}

@article{suhre2013determinants,
  title={Determinants of timely completion: the impact of Bachelor's degree programme characteristics and student motivation on study progress},
  author={Suhre, Cor JM and Jansen, Ellen PWA and Torenbeek, M},
  journal={Higher Education Research \& Development},
  volume={32},
  number={3},
  pages={479--492},
  year={2013},
  publisher={Taylor \& Francis}
}

@article{campbell2010digital,
  title={Digital forms of assessment: Assessing what counts, the performance},
  author={Campbell, Alistair},
  journal={Curriculum, technology \& transformation for an unknown future. Proceedings ascilite Sydney},
  volume={2010},
  year={2010}
}

@article{ieee2003ltsa ,
  title={IEEE Standard for Learning Technology—Learning Technology Systems Architecture (LTSA)},
  author="{IEEE Computer Society}",
  journal={IEEE Std},
  volume={1484.1},
  year={2013}
}

@article{el2003privacy,
  title={Privacy and security in e-learning},
  author={El-Khatib, Khalil and Korba, Larry and Xu, Yuefei and Yee, George},
  journal={International Journal of Distance Education Technologies (IJDET)},
  volume={1},
  number={4},
  pages={1--19},
  year={2003},
  publisher={IGI Global}
}

@book{o2013web,
  title={Web-based learning: Theory, research, and practice},
  author={O'Neil, Harold F and Perez, Ray S},
  year={2013},
  publisher={Routledge}
}

@book{garrison2011learning,
  title={E-learning in the 21st century: A framework for research and practice},
  author={Garrison, D Randy},
  year={2011},
  publisher={Taylor \& Francis}
}

@article{ali2005effective,
  title={Effective teaching pedagogies for undergraduate computer science},
  author={Ali, Sanwar},
  journal={Mathematics and Computer Education},
  volume={39},
  number={3},
  pages={243},
  year={2005},
  publisher={Mathematics and Computer Education}
}

@misc{ico2017gdpr,
  title ={GDPR – sorting the fact from the fiction},
  author={Denham, Elizabeth},
  institution  = {ICO},
  day =       9,
  month =     {August},
  year =         2017,
  note =         {[online] \url{https://iconewsblog.org.uk/2017/08/09/gdpr-sorting-the-fact-from-the-fiction/}},
  url = {https://iconewsblog.org.uk/2017/08/09/gdpr-sorting-the-fact-from-the-fiction/}
}

@misc{opsecmonkey2017edmodo,
  title ={Edmodo Education Platform Hit by Hacker, 77M Account Details Stolen},
  author  = {Opsecmonkey},
  day =       4,
  month =     {October},
  year =         2017,
  note =         {[online] \url{http://opsecmonkey.com/edmodo-education-platform-hit-by-hacker-77m-account-details-stolen/}},
  url = {http://opsecmonkey.com/edmodo-education-platform-hit-by-hacker-77m-account-details-stolen/}
}

@misc{forbes2017industries,
  title ={Five Trends Impacted By Blockchain Technology},
  author  = {Bessonov, Alex},
  day =       20,
  month =     {September},
  year =         2017,
  note =         {[online] \url{https://www.forbes.com/sites/forbestechcouncil/2017/09/20/five-trends-impacted-by-blockchain-technology}},
  url = {https://www.forbes.com/sites/forbestechcouncil/2017/09/20/five-trends-impacted-by-blockchain-technology}
}

@misc{blockcerts2018,
  title ={FAQ - Blockcerts : The Open Initiative for Blockchain Certificates},
  author  = {blockcerts.org},
  year =         2018,
  note =         {[online] \url{https://www.blockcerts.org/guide/faq.html}},
  url = {https://www.blockcerts.org/guide/faq.html}
}

@misc{openlearn2018,
  title ={Open BlockChain},
  author  = "{Open University}",
  year =         2018,
  note =         {[online] \url{http://blockchain.open.ac.uk/}},
  url = {http://blockchain.open.ac.uk/}
}

@misc{sonyged2017,
  title ={SGE Education Blockchain},
  author  = "{Sony Global Education}",
  year =         2017,
  note =         {[online] \url{https://blockchain.sonyged.com/}},
  url = {https://blockchain.sonyged.com/}
}

@inproceedings{sharples2016blockchain,
  title={The blockchain and kudos: A distributed system for educational record, reputation and reward},
  author={Sharples, Mike and Domingue, John},
  booktitle={European Conference on Technology Enhanced Learning},
  pages={490--496},
  year={2016},
  organization={Springer}
}

@misc{ibm2018hyperledger,
  title ={IBM Blockchain based on Hyperledger Fabric from the Linux Foundation},
  author  = "{IBM Blockchain}",
  year =         2018,
  note =         {[online] \url{https://www.ibm.com/blockchain/hyperledger.html}},
  url = {https://www.ibm.com/blockchain/hyperledger.html}
}

@article{wust2017you,
  title={Do you need a Blockchain?},
  author={W{\"u}st, Karl and Gervais, Arthur},
  journal={IACR Cryptology ePrint Archive},
  volume={2017},
  pages={375},
  year={2017}
}

@inproceedings{xu2016blockchain,
  title={The blockchain as a software connector},
  author={Xu, Xiwei and Pautasso, Cesare and Zhu, Liming and Gramoli, Vincent and Ponomarev, Alexander and Tran, An Binh and Chen, Shiping},
  booktitle={Software Architecture (WICSA), 2016 13th Working IEEE/IFIP Conference on},
  pages={182--191},
  year={2016},
  organization={IEEE}
}

@techreport{valenta2017comparison,
  title={Comparison of Ethereum, Hyperledger Fabric and Corda},
  author={Valenta, Martin and Sandner, Philipp},
  year={2017},
  institution={FSBC Working Paper}
}

@article{green2005futurelab,
  title={Futurelab: Personalisation and digital technologies},
  author={Green, Hannah and Facer, Keri and Rudd, Tim and Dillon, Patrick and Humphreys, Peter},
  year={2005}
}

@article{dron2007designing,
  title={Designing the undesignable: Social software and control},
  author={Dron, Jon},
  journal={Educational Technology \& Society},
  volume={10},
  number={3},
  pages={60--71},
  year={2007},
  publisher={JSTOR}
}

@article{bragg2014review,
author = {Bragg, Sara},
year = {2014},
month = {12},
pages = {},
title = {Education, ‘consumerism’ and ‘personalisation’},
volume = {35},
booktitle = {British Journal of Sociology of Education}
}

@misc{agile2018moscow,
  title ={MoSCoW Prioritisation | The DSDM Agile Project Framework (2014 Onwards)},
  author  = "{Agile Business Consortium}",
  year =         2018,
  note =         {[online] \url{https://www.agilebusiness.org/content/moscow-prioritisation}},
  url = {https://www.agilebusiness.org/content/moscow-prioritisation}
}

@misc{cuicapuza2017composer,
  title ={Hyperledger’s Fabric Composer: Simplifying Business Networks on Blockchain},
  author  = {Cuicapuza, Javier},
  year =         2017,
  note =         {[online] \url{https://medium.com/@RichardCuica/hyperledgers-fabric-composer-simplifying-business-networks-on-blockchain-94313b979671}},
  url = {https://medium.com/@RichardCuica/hyperledgers-fabric-composer-simplifying-business-networks-on-blockchain-94313b979671}
}

@misc{official2018composer,
  title ={Introduction | Hyperledger Composer},
  author  = "{The Linux Foundation}",
  year =         2018,
  note =         {[online] \url{https://hyperledger.github.io/composer/introduction/introduction.html}},
  url = {https://hyperledger.github.io/composer/introduction/introduction.html}
}

@misc{github2018education,
  title ={GitHub Education},
  author  = {GitHub, Inc.},
  year =         2018,
  note =         {[online] \url{https://education.github.com/}},
  url = {https://education.github.com/}
}

@misc{beck2001agile,
  title={Manifesto for agile software development},
  author={Beck, Kent and Beedle, Mike and Van Bennekum, Arie and Cockburn, Alistair and Cunningham, Ward and Fowler, Martin and Grenning, James and Highsmith, Jim and Hunt, Andrew and Jeffries, Ron and others},
  year={2001},
  note =         {[online] \url{http://agilemanifesto.org/principles.html}},
  url = {http://agilemanifesto.org/principles.html}
}

@article{middleton2012lean,
  title={Lean software management: BBC Worldwide case study},
  author={Middleton, Peter and Joyce, David},
  journal={IEEE Transactions on Engineering Management},
  volume={59},
  number={1},
  pages={20--32},
  year={2012},
  publisher={IEEE}
}

@article{paulsen2004online,
  title={Online Education and Learning Management Systems--Global E-learning in a Scandinavian Perspective.},
  author={Paulsen, Morten Flate},
  journal={Education Review//Rese{\~n}as Educativas},
  year={2004}
}

@misc{gruber2004markdown,
  title={Daring Fireball: Markdown},
  author={Gruber, John},
  year={2004},
  note =         {[online] \url{https://daringfireball.net/projects/markdown/}},
  url = {https://daringfireball.net/projects/markdown/}
}

@book{bryan2006innovative,
  title={Innovative assessment in higher education},
  author={Bryan, Cordelia and Clegg, Karen},
  year={2006},
  publisher={Routledge}
}

@inproceedings{poniszewska2005representation,
  title={Representation of extended RBAC model using UML language},
  author={Poniszewska-Maranda, Aneta and Goncalves, Gilles and Hemery, Fred},
  booktitle={International Conference on Current Trends in Theory and Practice of Computer Science},
  pages={413--417},
  year={2005},
  organization={Springer}
}

@inproceedings{yuan2005attributed,
  title={Attributed based access control (ABAC) for web services},
  author={Yuan, Eric and Tong, Jin},
  booktitle={Web Services, 2005. ICWS 2005. Proceedings. 2005 IEEE International Conference on},
  year={2005},
  organization={IEEE}
}

@article{nielsen199510,
  title={10 usability heuristics for user interface design},
  author={Nielsen, Jakob},
  journal={Nielsen Norman Group},
  volume={1},
  number={1},
  year={1995}
}

@misc{google2018material,
  title={Material Design},
  author={Google},
  year={2018},
  note =         {[online] \url{https://material.io/}},
  url = {https://material.io/}
}

@misc{atlassian2018vcs,
  title={What is version control},
  author={Atlassian},
  year={2018},
  note =         {[online] \url{https://www.atlassian.com/git/tutorials/what-is-version-control}},
  url = {https://www.atlassian.com/git/tutorials/what-is-version-control}
}

